@book{
durrett_2010, 
place={Cambridge}, 
edition={4}, 
series={Cambridge Series in Statistical and Probabilistic Mathematics}, 
title={Probability: Theory and Examples}, DOI={10.1017/CBO9780511779398}, 
publisher={Cambridge University Press}, 
author={Durrett, Rick}, 
year={2010}, 
collection={Cambridge Series in Statistical and Probabilistic Mathematics}
}